@misc{hn,
title = {Hardware virtualization definition},
howpublished = "\url{http://searchvmware.techtarget.com/definition/hardware-virtualization}",
note = {Consultado el 2-10-2015}}

@misc{hh,
title = {Type 2 hypervisor (hosted hypervisor) definition},
howpublished = "\url{http://searchservervirtualization.techtarget.com/definition/hosted-hypervisor-Type-2-hypervisor}",
note = {Consultado el 2-10-2015}}

@misc{3,
title = {VPS de OVH},
howpublished = "\url{https://www.ovh.es/vps/vps-cloud.xml}",
note = {Consultado el 8-10-2015}}

@misc{4,
title = {VPS de Arsys},
howpublished = "\url{http://www.arsys.es/servidores/vps}",
note = {Consultado el 8-10-2015}}

@misc{5,
title = {VPS de 1and1},
howpublished = "\url{http://www.1and1.es/servidores-virtuales-tarifas#server}",
note = {Consultado el 8-10-2015}}

@misc{6,
title = {Servidor dedicado de 1and1},
howpublished = "\url{https://www.1and1.es/server-dedicated-tariff#server}",
note = {Consultado el 8-10-2015}}

@misc{7,
title = {Servidor dedicado de Arsys},
howpublished = "\url{http://www.arsys.es/servidores/dedicados}",
note = {Consultado el 15-10-2015}}

@misc{8,
title = {Servidor dedicado de OVH},
howpublished = "\url{https://www.ovh.es/servidores_dedicados/hosting/}",
note = {Consultado el 15-10-2015}}

@misc{9,
title = {Windows Virtual PC},
howpublished = "\url{https://www.microsoft.com/es-es/download/details.aspx?id=3702}",
note = {Consultado el 15-10-2015}}

@misc{10,
title = {Parallels},
howpublished = "\url{http://www.parallels.com/es/products/desktop/support/}",
note = {Consultado el 15-10-2015}}

@misc{11,
title = {QEMU},
howpublished = "\url{http://wiki.qemu.org/Main_Page}",
note = {Consultado el 15-10-2015}}

@misc{12,
title = {Innovaciones Windows Server},
howpublished = "\url{https://www.microsoft.com/en-us/server-cloud/products/windows-server-2012-r2/comparison.aspx}",
note = {Consultado el 19-10-2015}}

@misc{13,
title = {Control de acceso dinámico},
howpublished = "\url{https://technet.microsoft.com/es-es/library/hh831717.aspx}",
note = {Consultado el 19-10-2015}}

@misc{14,
title = {Hyper-V Replica},
howpublished = "\url{https://technet.microsoft.com/es-es/library/jj134172.aspx}",
note = {Consultado el 19-10-2015}}

@misc{15,
title = {Shared VHDX},
howpublished = "\url{https://technet.microsoft.com/es-es/library/dn281956.aspx}",
note = {Consultado el 19-10-2015}}

@misc{16,
title = {IP address management},
howpublished = "\url{https://technet.microsoft.com/es-es/network/jj945273.aspx}",
note = {Consultado el 19-10-2015}}

@misc{17,
title = {Canonical},
howpublished = "\url{http://www.canonical.com/about}",
note = {Consultado el 19-10-2015}}

@misc{18,
title = {Productos/Servicios de Canonical},
howpublished = "\url{http://www.canonical.com/products}",
note = {Consultado el 19-10-2015}}

@misc{19,
title = {CentOS},
howpublished = "\url{https://lists.centos.org/pipermail/centos-announce/2014-January/020100.html}",
note = {Consultado el 19-10-2015}}

@misc{20,
title = {Fedora y Red Hat},
howpublished = "\url{https://fedoraproject.org/wiki/Red_Hat_Enterprise_Linux}",
note = {Consultado el 19-10-2015}}

@misc{figura1,
title = {Porcentajes de uso de SO en servidores de páginas web.},
howpublished = "\url{http://www.w3cook.com/os/summary/}",
note = {Consultado el 19-10-2015}}

@misc{figura2,
title = {Porcentajes de uso de SO unix en servidores de páginas web.},
howpublished = "\url{http://w3techs.com/technologies/details/os-unix/all/all}",
note = {Consultado el 21-10-2015}}

@misc{figura3,
title = {Porcentajes de uso de SO en servidores.},
howpublished = "\url{http://www.w3cook.com/os/summary/}",
note = {Consultado el 21-10-2015}}

@misc{21,
title = {LVM},
howpublished = "\url{https://wiki.archlinux.org/index.php/LVM_(Español)}",
note = {Consultado el 21-10-2015}}

@misc{22,
title = {Gestión de Volúmenes Lógicos},
howpublished = "\url{https://www.centos.org/docs/5/html/Deployment_Guide-en-US/ch-lvm.html}",
note = {Consultado el 21-10-2015}}

@misc{23,
title = {Journaling File System},
howpublished = "\url{http://www.ibm.com/developerworks/library/l-journaling-filesystems/index.html}",
note = {Consultado el 21-10-2015}}

@misc{24,
title = {Diferencias standard y datacenter},
howpublished = "\url{http://www.microsoft.com/OEM/es/products/servers/Pages/windows-server-2012-overview.aspx#fbid=bE9rr165Bc-}",
note = {Consultado el 26-10-2015}}

@misc{25,
title = {Conexiones red VMSW},
howpublished = "\url{http://kb.vmware.com/selfservice/microsites/search.do?language=en_US&cmd=displayKC&externalId=2055442}",
note = {Consultado el 26-10-2015}}

@misc{var,
title = {Directorio /var},
howpublished = "\url{http://www.tldp.org/LDP/Linux-Filesystem-Hierarchy/html/var.html}",
note = {Consultado el 26-10-2015}}
